<record><leader>00000cas a2200000 a 4500</leader><controlfield tag="001">12544733</controlfield><controlfield tag="008">850913d18871890ksuwr ne      0    0eng d</controlfield><datafield ind1=" " ind2=" " tag="010"><subfield code="a">sn 85029737 </subfield></datafield><datafield ind1=" " ind2=" " tag="040"><subfield code="a">KSH</subfield><subfield code="b">eng</subfield><subfield code="c">KSH</subfield><subfield code="d">NPT</subfield><subfield code="d">OCL</subfield><subfield code="d">OCLCQ</subfield></datafield><datafield ind1=" " ind2=" " tag="042"><subfield code="a">msc</subfield></datafield><datafield ind1="0" ind2="0" tag="245"><subfield code="a">Luray headlight.</subfield></datafield><datafield ind1=" " ind2=" " tag="260"><subfield code="a">Luray, Kan. :</subfield><subfield code="b">Garner Bros.,</subfield><subfield code="c">1887-</subfield></datafield><datafield ind1=" " ind2=" " tag="300"><subfield code="a">v. ;</subfield><subfield code="c">55-60 cm.</subfield></datafield><datafield ind1=" " ind2=" " tag="310"><subfield code="a">Weekly</subfield></datafield><datafield ind1="0" ind2=" " tag="362"><subfield code="a">Vol. 1, no. 1 (Aug. 25, 1887)-</subfield></datafield><datafield ind1="1" ind2=" " tag="362"><subfield code="a">Ceased with Sept. 25, 1890 issue?</subfield></datafield><datafield ind1=" " ind2=" " tag="500"><subfield code="a">Published by J.M. McAfee, Mar. 22, 1888-</subfield></datafield><datafield ind1=" " ind2=" " tag="752"><subfield code="a">United States</subfield><subfield code="b">Kansas</subfield><subfield code="c">Russell</subfield><subfield code="d">Luray.</subfield></datafield><datafield ind1="0" ind2="0" tag="780"><subfield code="t">Downs headlight</subfield><subfield code="w">(OCoLC)12268447</subfield></datafield><datafield ind1="1" ind2=" " tag="029"><subfield code="a">AU@</subfield><subfield code="b">000022172251</subfield></datafield></record>